@MISC{BingMaps:Cities,
	author = {{Microsoft}},
	title = {Bing Maps},
	year = {2019},
	howpublished = "\url{https://www.bing.com/maps?osid=4fd56ce9-7e24-4924-b323-749c75e5dd56&cp=13.394074~-29.628788&lvl=3&v=2&sV=2&form=S00027}",
	note = "[Online; accessed 2019-02-24]"
}


@MISC{MapGeoAdmin:1,
	author = {{Swiss Confederation within the Federal Administration}},
	title = {Maps of Switzerland},
	year = {2019},
	howpublished = "\url{https://map.geo.admin.ch/?lang=en}",
	note = "[Online; accessed 2019-02-02]"
}
@MISC{Wikimedia:RueDuProgressLaChauxDeFonds,
	author = {Joachim Kohler Bremen},
	title = {Rue du Progrès in La Chaux-de-Fonds, Switzerland},
	year = {2018-11-18},
	howpublished = "\url{https://commons.wikimedia.org/wiki/File:Rue_du_Progr%C3%A8s_in_La_Chaux-de-Fonds.jpg}",
	note = "[Online; accessed 2019-02-02]"
}
@MISC{Wikimedia:LaChauxDeFonds1841,
	author = {Charles-Henri Junod},
	title = {Plan de La Chaux-de-Fonds, Charles-Henri Junod, 1841. Plan géneral des alignements},
	year = {1841},
	howpublished = "\url{https://commons.wikimedia.org/wiki/File:La_Chaux-de-Fonds1841.png}",
	note = "[Online; accessed 2019-02-02]"
}
@MISC{Wikimedia:LaChauxDeFonds,
	author = {Wikimedia Foundation},
	title = {La Chaux-de-Fonds},
	year = {1841},
	howpublished = "\url{https://de.wikipedia.org/wiki/La_Chaux-de-Fonds}",
	note = "[Online; accessed 2019-02-23]"
}
@MISC{MapGeoAdmin:LaChauxDeFonds,
	author = {{Swiss Confederation within the Federal Administration}},
	title = {Maps of Switzerland},
	year = {2019},
	howpublished = "\url{https://s.geo.admin.ch/7fff9028c8}",
	note = "[Online; accessed 2019-02-02]"
}
@MISC{OpenCycleMap:LaChauxDeFonds,
	author = {OpenCycleMap}
	title = {OpenCycleMap}
	year = {2019}
	howpublished = "\url{http://opencyclemap.org/?zoom=13&lat=47.10116&lon=6.82075&layers=B0000}",
	note = "[Online; accessed 2019-02-09]"
}
@MISC{TransN:LaChauxDeFonds,
	author = {{Transports Publics Neuchâtelois SA}},
	title = {Réseau du soir et du dimanche - La Chaux-de-Fonds},
	year = {2019},
	howpublished = "\url{https://www.transn.ch/reseau-horaires/la-chaux-de-fonds/chaux-de-fonds-jour/}",
	note = "[Online; accessed 2019-02-09]"
}
@MISC{OpenCycleMap:LaChauxDeFonds,
	author = {{OpenCycleMap - Thunderforest}},
	title = {OpenCycleMap.org - the OpenStreetMap Cycle Map},
	year = {2019},
	howpublished = "\url{http://opencyclemap.org/?zoom=14&lat=47.09699&lon=6.82513&layers=B0000}",
	note = "[Online; accessed 2019-02-24]"
}



@MISC{Wikimedia:CascoUrbanoLaPlata,
	author = {Federico Pinto},
	title = {Casco urbano fundacional de la Ciudad de La Plata},
	year = {2010-02-23},
	howpublished = "\url{https://commons.wikimedia.org/wiki/File:Casco_urbano_fundacional_de_la_Ciudad_de_La_Plata.jpg}",
	note = "[Online; accessed 2019-02-24]"
}
@MISC{OpenStreetMap:LaPlata,
	author = {{OpenStreetMap Foundation}},
	title = {OpenStreetMap},
	year = {2019},
	howpublished = "\url{https://www.openstreetmap.org/#map=12/-34.9356/-57.9819}",
	note = "[Online; accessed 2019-02-18]"
}
@MISC{RecoletaCemetery:PedroBenoit,
	author = {{Recoleta Cemetery}},
	title = {306. pedro benoit},
	year = {2009},
	howpublished = "\url{http://www.recoletacemetery.com/?p=609}",
	note = "[Online; accessed 2019-02-17]"
}
@MISC{Blogspot:Arqruotolo:la-plata-o-la-geometria-hecha-espacio,
	author = {{Carlos Ruótolo}},
	title = {La Plata o la geometría hecha espacio},
	year = {2019},
	howpublished = "\url{http://arqruotolo.blogspot.com/2014/11/la-plata-o-la-geometria-hecha-espacio.html}",
	note = "[Online; accessed 2019-02-17]"
}
@MISC{MOSP:InvestigacionHistorica,
	author = {{Provincia Buenos Aires - Ministerio de Infraestructura y Servicios Públicos}},
	title = {Investigación Histórica Cartográfica},
	year = {1932},
	howpublished = "\url{http://www.mosp.gba.gov.ar/sitios/geodesia/deptos/investiga.php}",
	note = "[Online; accessed 2019-02-17]"
}
@MISC{CityPopulation:LaPlata,
	author = {{Thomas Brinkhoff}},
	title = {El desarrollo de la población de La Plata.},
	year = {2014},
	howpublished = "\url{http://www.citypopulation.de/php/argentina-buenosaires_s.php?adm2id=06441}",
	note = "[Online; accessed 2019-02-23]"
}
@MISC{ElDiaSa:LaPlata2025,
	author = {{El Día SA}},
	title = {EN 2025 LA CIUDAD TENDRIA 738.505 HABITANTES },
	year = {2018},
	howpublished = "\url{https://www.eldia.com/nota/2015-4-6-estiman-que-en-10-anos-la-poblacion-de-la-plata-crecera-apenas-un-7-4}",
	note = "[Online; accessed 2019-02-23]"
}
@MISC{Wikipeda:LaPlataHistory,
	author = {{Wikipedia}},
	title = {Historia de La Plata},
	year = {2019},
	howpublished = "\url{https://es.wikipedia.org/wiki/Historia_de_La_Plata},
	note = "[Online; accessed 2019-02-23]"
}
@MISC{Gosur:LaPlata,
	author = {{Gosur}},
	title = {Satellite Map of La Plata},
	year = {2019},
	howpublished = "\url{https://www.gosur.com/map/argentina_buenos-aires_la-plata/?satellite=1}",
	note = "[Online; accessed 2019-02-18]"
}
@book{RiviereDeLaPlata,
	title = {Riviere De La Plata},
	year = {1901},
	publisher = {Atelier graphique de la Penitencier National},
	howpublished = "\url{https://articulo.mercadolibre.com.ar/MLA-758637768-plano-1901-buenos-aires-la-plata-_JM}",
	note = "[Online; accessed 2019-02-18]"
}
@MISC{OpenCycleMap:LaPlata,
	author = {{OpenCycleMap - Thunderforest}},
	title = {OpenCycleMap.org - the OpenStreetMap Cycle Map},
	year = {2019},
	howpublished = "\url{http://opencyclemap.org/?zoom=13&lat=-34.9321&lon=-57.95732&layers=B0000}",
	note = "[Online; accessed 2019-02-24]"
}


@MISC{Wikimedia:AbujaCapital,
	author = {Bryn Pinzgauer},
	title = {Abuja, Federal Capital Territory},
	year = {2012-09-05},
	howpublished = "\url{https://commons.wikimedia.org/wiki/File:Abuja,_Federal_Capital_Territory.jpg}",
	note = "[Online; accessed 2019-02-24]"
}
@MISC{NairalandForum:AbujaMap,
	author = {{₦airaland Forum}},
	title = {Abuja Maps},
	year = {2009},
	howpublished = "\url{https://www.nairaland.com/254191/abuja-maps}",
	note = "[Online; accessed 2019-02-20]"
}
@MISC{ASplusP:AbujaTransportationConcept,
	author = {{AS+P architects/planners}},
	title = {Public Transport Concept for Abuja's Metropolitan Area},
	year = {2008},
	howpublished = "\url{http://www.as-p.com/projects/project/oeffentlicher-verkehr-in-der-metropolregion-abuja-13/show/}",
	note = "[Online; accessed 2019-02-20]"
}
@MISC{ASplusP:MasterPlanReview,
	author = {{AS+P architects/planners}},
	title = {Review of the Master Plan for Abuja},
	year = {2008},
	howpublished = "\url{http://www.as-p.com/projects/project/ueberarbeitung-des-masterplans-fuer-abuja-14/show/}",
	note = "[Online; accessed 2019-02-23]"
}
@MISC{ResearchGate:SixCouncils,
	author = {{ResearchGate}},
	title = {Map of Abuja showing the six area councils},
	year = {2017},
	howpublished = "\url{https://www.researchgate.net/figure/Map-of-Abuja-showing-the-six-area-councils_fig1_318653677}",
	note = "[Online; accessed 2019-02-20]"
}
@MISC{ResearchGate:AbujaDensity,
	author = {{ResearchGate}},
	title = {Abuja's built-up density (PBA)},
	year = {2015},
	howpublished = "\url{https://www.researchgate.net/figure/Map-showing-Abujas-built-up-density-PBA-for-each-MP-sector-The-color-palette-ranges_fig4_302878792}",
	note = "[Online; accessed 2019-02-20]"
}
@MISC{WorldPopulationReview:Abuja,
	author = {{World Population Review}},
	title = {Abuja Population 2019},
	year = {2019},
	howpublished = "\url{http://worldpopulationreview.com/world-cities/abuja-population/}",
	note = "[Online; accessed 2019-02-23]"
}
@MISC{OpenStreetMap:Abuja,
	author = {{OpenStreetMap Foundation}},
	title = {OpenStreetMap},
	year = {2019},
	howpublished = "\url{https://www.openstreetmap.org/#map=12/9.0541/7.3754}",
	note = "[Online; accessed 2019-02-23]"
}
@MISC{OpenCycleMap:Abuja,
	author = {{OpenCycleMap - Thunderforest}},
	title = {OpenCycleMap.org - the OpenStreetMap Cycle Map},
	year = {2019},
	howpublished = "\url{http://opencyclemap.org/?zoom=14&lat=9.05719&lon=7.47722&layers=B0000}",
	note = "[Online; accessed 2019-02-23]"
}
@MISC{Satellites.pro:Abuja,
	author = {{satellites.pro}},
	title = {Map of Abuja Federal Capital Territory},
	year = {2019},
	howpublished = "\url{https://satellites.pro/Nigeria_map#9.044801,7.451305,12}",
	note = "[Online; accessed 2019-02-20]"
}
@MISC{ResearchGate:AbujaBusRouteNetwork,
	author = {{ResearchGate}},
	title = {Bus route network in Federal Capital Territory, Abuja},
	year = {2014},
	howpublished = "\url{https://www.researchgate.net/figure/Bus-route-network-in-Federal-Capital-Territory-Abuja_fig1_276905503}",
	note = "[Online; accessed 2019-02-23]"
}

